@Article{eu:ePrivacyDirective,
  author     = {{E}uropean Parliament and {C}ouncil of the European Union},
  title      = {Directive 2002/58/{EC} of the European Parliament and of The Council of 12 July 2002 concerning the processing of personal data and the protection of privacy in the electronic communications sector (Directive on privacy and electronic communications)},
  journal    = {Official Journal of the European Union},
  year       = {2002},
  volume     = {L201},
  pages      = {37--47},
  month      =  jul,
  url        = {https://eur-lex.europa.eu/legal-content/EN/TXT/?uri=OJ:L:2002:201:TOC},
}

@Article{eu:GDPR,
  author     = {{European Parliament and Council of the European Union}},
  title      = {Regulations {(EU)} 2016/679 of the {European Parliament and of The Council} - General Data Protection Regulation {(GDPR)}},
  journal    = {Official Journal of the European Union},
  year       = {2016},
  volume     = {L119},
  pages      = {1--88},
  month      = may,
  url        = {https://eur-lex.europa.eu/eli/reg/2016/679/oj},
}

@misc{ Grothotkov_2022:ESP_c++,
    title={C++ support},
    url={https://docs.espressif.com/projects/esp-idf/en/stable/esp32/api-guides/cplusplus.html},
    journal={ESP},
    author={Grothotkov, Ivan},
    year={2022},
    month={Nov},
}

@misc{ESPBLEGAP,
    url={https://docs.espressif.com/projects/esp-idf/en/stable/esp32/api-reference/bluetooth/esp_gap_ble.html#_CPPv421esp_ble_scan_params_t},
    journal={ESP},
    year={2023},
    month={Apr},
} 

@misc{codedamn:news_2023,
    url = {https://codedamn.com/news/c/c-vs-c-which-one-should-you-learn-and-why},
    journal={codedamn news},
    year={2023},
    month={Jan},
}

@misc{ UPPAAL:UPPAAL,
    url={https://uppaal.org/},
    journal={UPPAAL},
    year={2023},
    month={Apr},
}

@misc{BluetoothTechnologyWebsite_2023,
    url={https://www.bluetooth.com/specifications/specs/serial-port-profile-1-1/},
    journal={BluetoothÂ® Technology Website},
    year={2023},
    month={Apr},

} 

@misc{esp32beans,
    title={Esp32beans/ESP32-BT-EXP: Arduino ESP32 bluetooth classic and BLE scanner using Bluedroid BT Stack},
    url={https://github.com/esp32beans/ESP32-BT-exp?tab=readme-ov-file#esp32-bluedroid-bluetooth-classic-and-ble-dual-mode-scanner},
    journal={GitHub},
    author={esp32beans},
    year={2023},
    month={Apr},

} 

@misc{Tosi_Taffoni_Santacatterina_Sannino_Formica_2017,
    title={Performance evaluation of bluetooth low energy: A systematic review},
    url={https://www.mdpi.com/1424-8220/17/12/2898}, journal={MDPI}, publisher={Multidisciplinary Digital Publishing Institute}, author={Tosi, Jacopo and Taffoni, Fabrizio and Santacatterina, Marco and Sannino, Roberto and Formica, Domenico},
    year={2017},
    month={Dec}
} 

@misc{f2b,
	title={Fail to ban Github},
	url={https://github.com/fail2ban/fail2ban},
	year={2024},
	month={May}
}

@misc{f2bHowTo,
	title={Fail to ban How To},
	url={https://github.com/fail2ban/fail2ban/wiki/How-fail2ban-works},
	year={2023},
	month={Oct}
}

@misc{BluetoothBeacon,
	title={Bluetooth Beacon},
	url={https://www.bluetooth.com/bluetooth-resources/intro-to-bluetooth-beacons-copy/},
	year={2020}
}

@misc{ESPClassicAPI,
	title={esp32 Bluetooth classic API},
	url={https://docs.espressif.com/projects/esp-idf/en/stable/esp32/api-reference/bluetooth/esp_gap_bt.html}
}

@misc{BLEAudio,
	title={esp32 Bluetooth Low Energy},
	url={https://www.bluetooth.com/blog/introducing-le-audio-bluetooth-le-audio-applications/}
}